
@book{uccelli2013secretos,
  title={Secretos a voces: Memoria y educaci{\'o}n en colegios p{\'u}blicos de Lima y Ayacucho},
  author={Uccelli, Francesca and Ag{\"u}ero, Jos{\'e} Carlos and Pease, Mar{\'\i}a Ang{\'e}lica and Portugal, Tamia and Del Pino, Ponciano},
  year={2013},
  publisher={IEP; Embajada Brit{\'a}nica, Lima}
}

@book{Guerrero,
  title={“Yo s{\'e} que va a ir m{\'a}s all{\'a}, va a continuar estudiando”: expectativas educativas de estudiantes, padres y docentes en zonas urbanas y rurales del Per{\'u}},
  author={Guerrero, Gabriela},
  year={2014},
  publisher={Grade}
}

@article{Cueto,
  title={Factores predictivos del rendimiento escolar, deserci{\'o}n e ingreso a educaci{\'o}n secundaria en una muestra de estudiantes de zonas rurales del Per{\'u}},
  author={Cueto, Santiago},
  year={2004},
  publisher={College of Education University of South Florida, Mary Lou Fulton College of~…}
}

@report{UNICEF,
  author= {UNICEF. Representación en Perú},
  title= {Estado mundial de la infancia 2016: Acabar con las inequidades para brindarle oportunidades justas a toda la niñez},
  year= {2016},
  month= {junio},
  institution= {UNICEF},
}

